<?xml version="1.0" encoding="UTF-8"?><collection xmlns="http://www.loc.gov/MARC21/slim"><record><leader>00490nam--2200181-u-4500</leader><controlfield tag="001">000053799</controlfield><controlfield tag="002">20161230</controlfield><controlfield tag="005">20161230201051</controlfield><controlfield tag="008">110622s1000------------r-----000-0-ger-d</controlfield><datafield ind1=" " ind2=" " tag="040"><subfield code="a">IFIN-HH</subfield></datafield><datafield ind1=" " ind2=" " tag="041"><subfield code="a">ger</subfield></datafield><datafield ind1=" " ind2=" " tag="080"><subfield code="a">537.87:537.811</subfield></datafield><datafield ind1="1" ind2=" " tag="100"><subfield code="a">Hafenbrak, Bernd</subfield></datafield><datafield ind1="1" ind2="0" tag="245"><subfield code="a">Zur wellennausbreitung in stark propagativen medien</subfield><subfield code="b">Dissertation</subfield><subfield code="c">Bernd hafenbrak</subfield></datafield><datafield ind1=" " ind2=" " tag="260"><subfield code="a">Stuttgart</subfield><subfield code="b">Univeristat</subfield><subfield code="c">1977</subfield></datafield><datafield ind1=" " ind2=" " tag="300"><subfield code="a">85P</subfield></datafield><datafield ind1=" " ind2=" " tag="852"><subfield code="a">45252</subfield><subfield code="c">537:538</subfield></datafield><datafield ind1=" " ind2=" " tag="CAT"><subfield code="a">Sys</subfield><subfield code="c">20110622</subfield><subfield code="h">093610</subfield></datafield></record></collection>